<?xml version="1.0" encoding="UTF-8"?><collection xmlns="http://www.loc.gov/MARC21/slim"><record><leader>00470nam--2200169-i-4500</leader><controlfield tag="001">000023652</controlfield><controlfield tag="002">20161230</controlfield><controlfield tag="005">20161230201035</controlfield><controlfield tag="008">060222s1000------------r-----000-0-eng-d</controlfield><datafield ind1=" " ind2=" " tag="040"><subfield code="a">IFIN-HH</subfield></datafield><datafield ind1=" " ind2=" " tag="080"><subfield code="a">621.039.51:621.311.2</subfield></datafield><datafield ind1="1" ind2=" " tag="100"><subfield code="a">Jay, Kenneth</subfield></datafield><datafield ind1="1" ind2="0" tag="245"><subfield code="a">Calder hall. the story of britain`s first atomic power station</subfield><subfield code="c">Kenneth jay</subfield></datafield><datafield ind1=" " ind2=" " tag="260"><subfield code="a">London</subfield><subfield code="b">Methuen &amp; Co Ltd</subfield><subfield code="c">1956</subfield></datafield><datafield ind1=" " ind2=" " tag="300"><subfield code="a">VIII + 88P</subfield></datafield><datafield ind1=" " ind2=" " tag="852"><subfield code="a">12316</subfield><subfield code="c">H.H</subfield></datafield><datafield ind1=" " ind2=" " tag="CAT"><subfield code="a">Sys</subfield><subfield code="c">20130327</subfield><subfield code="h">175557</subfield></datafield></record></collection>